@article{kingma2013auto,
  title={Auto-encoding variational bayes},
  author={Kingma, Diederik P and Welling, Max},
  journal={arXiv preprint arXiv:1312.6114},
  year={2013}
}

@inproceedings{kingma2014semi,
  title={Semi-supervised learning with deep generative models},
  author={Kingma, Diederik P and Mohamed, Shakir and Rezende, Danilo Jimenez and Welling, Max},
  booktitle={Advances in Neural Information Processing Systems},
  pages={3581--3589},
  year={2014}
}

@article{rezende2014stochastic,
  title={Stochastic backpropagation and approximate inference in deep generative models},
  author={Rezende, Danilo Jimenez and Mohamed, Shakir and Wierstra, Daan},
  journal={arXiv preprint arXiv:1401.4082},
  year={2014}
}

@article{chen2016variational,
  title={Variational lossy autoencoder},
  author={Chen, Xi and Kingma, Diederik P and Salimans, Tim and Duan, Yan and Dhariwal, Prafulla and Schulman, John and Sutskever, Ilya and Abbeel, Pieter},
  journal={arXiv preprint arXiv:1611.02731},
  year={2016}
}

@article{higgins2016beta,
  title={beta-vae: Learning basic visual concepts with a constrained variational framework},
  author={Higgins, Irina and Matthey, Loic and Pal, Arka and Burgess, Christopher and Glorot, Xavier and Botvinick, Matthew and Mohamed, Shakir and Lerchner, Alexander},
  year={2016}
}

@article{alemi2017information,
  title={An Information-Theoretic Analysis of Deep Latent-Variable Models},
  author={Alemi, Alexander A and Poole, Ben and Fischer, Ian and Dillon, Joshua V and Saurous, Rif A and Murphy, Kevin},
  journal={arXiv preprint arXiv:1711.00464},
  year={2017}
}

@article{edwards2016towards,
  title={Towards a neural statistician},
  author={Edwards, Harrison and Storkey, Amos},
  journal={arXiv preprint arXiv:1606.02185},
  year={2016}
}

@article{gulrajani2016pixelvae,
  title={Pixelvae: A latent variable model for natural images},
  author={Gulrajani, Ishaan and Kumar, Kundan and Ahmed, Faruk and Taiga, Adrien Ali and Visin, Francesco and Vazquez, David and Courville, Aaron},
  journal={arXiv preprint arXiv:1611.05013},
  year={2016}
}

@article{bowman2015generating,
  title={Generating sentences from a continuous space},
  author={Bowman, Samuel R and Vilnis, Luke and Vinyals, Oriol and Dai, Andrew M and Jozefowicz, Rafal and Bengio, Samy},
  journal={arXiv preprint arXiv:1511.06349},
  year={2015}
}

@article{maddison2016concrete,
  title={The concrete distribution: A continuous relaxation of discrete random variables},
  author={Maddison, Chris J and Mnih, Andriy and Teh, Yee Whye},
  journal={arXiv preprint arXiv:1611.00712},
  year={2016}
}

@article{jang2016categorical,
  title={Categorical reparameterization with gumbel-softmax},
  author={Jang, Eric and Gu, Shixiang and Poole, Ben},
  journal={arXiv preprint arXiv:1611.01144},
  year={2016}
}

@article{yang2017improved,
  title={Improved Variational Autoencoders for Text Modeling using Dilated Convolutions},
  author={Yang, Zichao and Hu, Zhiting and Salakhutdinov, Ruslan and Berg-Kirkpatrick, Taylor},
  journal={arXiv preprint arXiv:1702.08139},
  year={2017}
}

@article{bengio2013estimating,
  title={Estimating or propagating gradients through stochastic neurons for conditional computation},
  author={Bengio, Yoshua and L{\'e}onard, Nicholas and Courville, Aaron},
  journal={arXiv preprint arXiv:1308.3432},
  year={2013}
}

@inproceedings{williams1988use,
  title={On the use of backpropagation in associative reinforcement learning},
  author={Williams, Ronald J},
  booktitle={Proceedings of the IEEE International Conference on Neural Networks},
  volume={1},
  pages={263--270},
  year={1988},
  organization={San Diego, CA.}
}

@inproceedings{chung2015recurrent,
  title={A recurrent latent variable model for sequential data},
  author={Chung, Junyoung and Kastner, Kyle and Dinh, Laurent and Goel, Kratarth and Courville, Aaron C and Bengio, Yoshua},
  booktitle={Advances in neural information processing systems},
  pages={2980--2988},
  year={2015}
}

@article{bonnet1964transformations,
  title={Transformations des signaux al{\'e}atoires a travers les systemes non lin{\'e}aires sans m{\'e}moire},
  author={Bonnet, Georges},
  journal={Annals of Telecommunications},
  volume={19},
  number={9},
  pages={203--220},
  year={1964},
  publisher={Springer}
}

@article{price1958useful,
  title={A useful theorem for nonlinear devices having Gaussian inputs},
  author={Price, Robert},
  journal={IRE Transactions on Information Theory},
  volume={4},
  number={2},
  pages={69--72},
  year={1958},
  publisher={IEEE}
}

@article{kingma2016improving,
  title={Improving variational inference with inverse autoregressive flow},
  author={Kingma, Diederik P and Salimans, Tim and Welling, Max},
  journal={arXiv preprint arXiv:1606.04934},
  year={2016}
}

@article{rezende2015variational,
  title={Variational inference with normalizing flows},
  author={Rezende, Danilo Jimenez and Mohamed, Shakir},
  journal={arXiv preprint arXiv:1505.05770},
  year={2015}
}

@article{tomczak2017vae,
  title={VAE with a VampPrior},
  author={Tomczak, Jakub M and Welling, Max},
  journal={arXiv preprint arXiv:1705.07120},
  year={2017}
}

@inproceedings{sonderby2016ladder,
  title={Ladder variational autoencoders},
  author={S{\o}nderby, Casper Kaae and Raiko, Tapani and Maal{\o}e, Lars and S{\o}nderby, S{\o}ren Kaae and Winther, Ole},
  booktitle={Advances in Neural Information Processing Systems},
  pages={3738--3746},
  year={2016}
}

@article{maaloe2016auxiliary,
  title={Auxiliary deep generative models},
  author={Maal{\o}e, Lars and S{\o}nderby, Casper Kaae and S{\o}nderby, S{\o}ren Kaae and Winther, Ole},
  journal={arXiv preprint arXiv:1602.05473},
  year={2016}
}

@ARTICLE{louizos2017causal,
   author = {{Louizos}, C. and {Shalit}, U. and {Mooij}, J. and {Sontag}, D. and 
	{Zemel}, R. and {Welling}, M.},
    title = "{Causal Effect Inference with Deep Latent-Variable Models}",
  journal = {ArXiv e-prints},
archivePrefix = "arXiv",
   eprint = {1705.08821},
     year = 2017,
    month = may,
}

@article{bowman2015generating,
  title={Generating sentences from a continuous space},
  author={Bowman, Samuel R and Vilnis, Luke and Vinyals, Oriol and Dai, Andrew M and Jozefowicz, Rafal and Bengio, Samy},
  journal={arXiv preprint arXiv:1511.06349},
  year={2015}
}

@article{agrawal2016deep,
  title={Deep Variational Inference Without Pixel-Wise Reconstruction},
  author={Agrawal, Siddharth and Dukkipati, Ambedkar},
  journal={arXiv preprint arXiv:1611.05209},
  year={2016}
}

@article{hoffman2016elbo,
	author = {Hoffman, Matthew D. and Johnson, Matthew J.},
	title = { Elbo surgery: yet another way to carve up the
variational evidence lower bound},
	booktitle = {Workshop in Advances in Approximate Bayesian Inference,
NIPS},
	year = {2016},
}

@article{serban2016multi,
  title={Multi-modal variational encoder-decoders},
  author={Serban, Iulian V and Ororbia, II and Alexander, G and Pineau, Joelle and Courville, Aaron},
  journal={arXiv preprint arXiv:1612.00377},
  year={2016}
}

@ARTICLE{huang2017led,
   author = {{Huang}, C.-W. and {Touati}, A. and {Dinh}, L. and {Drozdzal}, M. and 
	{Havaei}, M. and {Charlin}, L. and {Courville}, A.},
    title = "{Learnable Explicit Density for Continuous Latent Space and Variational Inference}",
  journal = {ArXiv e-prints},
archivePrefix = "arXiv",
   eprint = {1710.02248},
 primaryClass = "cs.LG",
     year = 2017,
    month = oct,
}

@article{huang2017sequentialized,
  title={Sequentialized Sampling Importance Resampling and Scalable IWAE},
  author={Huang, C.-W. and Courville, A.},
  year = 2017
}

@article{huang2017facilitating,
  title={Facilitating Multimodality in Normalizing Flows},
  author={{Huang}, C.-W. and Krueger, D. and Courville, A.},
  year = 2017
}

@article{dinh2016density,
  title={Density estimation using Real NVP},
  author={Dinh, Laurent and Sohl-Dickstein, Jascha and Bengio, Samy},
  journal={arXiv preprint arXiv:1605.08803},
  year={2016}
}

@inproceedings{chung2015recurrent,
  title={A recurrent latent variable model for sequential data},
  author={Chung, Junyoung and Kastner, Kyle and Dinh, Laurent and Goel, Kratarth and Courville, Aaron and Bengio, Yoshua},
  booktitle={Advances in neural information processing systems},
  pages={2980--2988},
  year={2015}
}

@article{cremer2017inference,
  title={Inference Suboptimality in Variational Autoencoders},
  author={Cremer, C., and Li, X. and Duvenaud, D.},
  year = 2017
}

@article{shabanian2017variational,
  title={Variational Bi-LSTMs},
  author={Shabanian, Samira and Arpit, Devansh and Trischler, Adam and Bengio, Yoshua},
  journal={arXiv preprint arXiv:1711.05717},
  year={2017}
}

@article{hoffmanbeta,
  title={The $\beta$-VAEâ€™s Implicit Prior},
  author={Hoffman, Matthew D and Riquelme, Carlos and Johnson, Matthew J}
}

@inproceedings{ranganath2016hierarchical,
  title={Hierarchical variational models},
  author={Ranganath, Rajesh and Tran, Dustin and Blei, David},
  booktitle={International Conference on Machine Learning},
  pages={324--333},
  year={2016}
}

@article{burda2015importance,
  title={Importance weighted autoencoders},
  author={Burda, Yuri and Grosse, Roger and Salakhutdinov, Ruslan},
  journal={arXiv preprint arXiv:1509.00519},
  year={2015}
}

@inproceedings{salimans2015markov,
  title={Markov chain monte carlo and variational inference: Bridging the gap},
  author={Salimans, Tim and Kingma, Diederik and Welling, Max},
  booktitle={Proceedings of the 32nd International Conference on Machine Learning (ICML-15)},
  pages={1218--1226},
  year={2015}
}

@inproceedings{duvenaud2016early,
  title={Early stopping as nonparametric variational inference},
  author={Duvenaud, David and Maclaurin, Dougal and Adams, Ryan},
  booktitle={Artificial Intelligence and Statistics},
  pages={1070--1077},
  year={2016}
}

@inproceedings{hoffman2017learning,
  title={Learning deep latent Gaussian models with Markov chain Monte Carlo},
  author={Hoffman, Matthew D},
  booktitle={International Conference on Machine Learning},
  pages={1510--1519},
  year={2017}
}

@article{miller2016variational,
  title={Variational Boosting: Iteratively Refining Posterior Approximations},
  author={Miller, Andrew C and Foti, Nicholas and Adams, Ryan P},
  journal={arXiv preprint arXiv:1611.06585},
  year={2016}
}

@article{mescheder2017adversarial,
  title={Adversarial variational bayes: Unifying variational autoencoders and generative adversarial networks},
  author={Mescheder, Lars and Nowozin, Sebastian and Geiger, Andreas},
  journal={arXiv preprint arXiv:1701.04722},
  year={2017}
}

@article{huszar2017variational,
  title={Variational Inference using Implicit Distributions},
  author={Husz{\'a}r, Ferenc},
  journal={arXiv preprint arXiv:1702.08235},
  year={2017}
}

@article{tran2015variational,
  title={The variational Gaussian process},
  author={Tran, Dustin and Ranganath, Rajesh and Blei, David M},
  journal={arXiv preprint arXiv:1511.06499},
  year={2015}
}

@inproceedings{de2001variational,
  title={Variational MCMC},
  author={De Freitas, Nando and H{\o}jen-S{\o}rensen, Pedro and Jordan, Michael I and Russell, Stuart},
  booktitle={Proceedings of the Seventeenth conference on Uncertainty in artificial intelligence},
  pages={120--127},
  year={2001},
  organization={Morgan Kaufmann Publishers Inc.}
}

@article{oord2016pixel,
  title={Pixel recurrent neural networks},
  author={Oord, Aaron van den and Kalchbrenner, Nal and Kavukcuoglu, Koray},
  journal={arXiv preprint arXiv:1601.06759},
  year={2016}
}

@article{dumoulin2016adversarially,
  title={Adversarially learned inference},
  author={Dumoulin, Vincent and Belghazi, Ishmael and Poole, Ben and Lamb, Alex and Arjovsky, Martin and Mastropietro, Olivier and Courville, Aaron},
  journal={arXiv preprint arXiv:1606.00704},
  year={2016}
}

@article{anom2017hali,
  title={Hierarchical Adversarially learned inference},
  author={Anonymous (submitted to ICLR 2018)},
  year={2018}
}

@inproceedings{hou2017deep,
  title={Deep feature consistent variational autoencoder},
  author={Hou, Xianxu and Shen, Linlin and Sun, Ke and Qiu, Guoping},
  booktitle={Applications of Computer Vision (WACV), 2017 IEEE Winter Conference on},
  pages={1133--1141},
  year={2017},
  organization={IEEE}
}

@inproceedings{bengio2013generalized,
  title={Generalized denoising auto-encoders as generative models},
  author={Bengio, Yoshua and Yao, Li and Alain, Guillaume and Vincent, Pascal},
  booktitle={Advances in Neural Information Processing Systems},
  pages={899--907},
  year={2013}
}